<?xml version="1.0" encoding="UTF-8"?><collection xmlns="http://www.loc.gov/MARC21/slim"><record><leader>00373nam--2200133-i-4500</leader><controlfield tag="001">000039157</controlfield><controlfield tag="002">20161230</controlfield><controlfield tag="005">20161230201042</controlfield><controlfield tag="008">060222s1000------------r-----000-0-eng-d</controlfield><datafield ind1=" " ind2=" " tag="080"><subfield code="a">546(076)</subfield></datafield><datafield ind1=" " ind2=" " tag="100"><subfield code="a">Ripan,R. Si Ceteanu,I</subfield></datafield><datafield ind1=" " ind2=" " tag="245"><subfield code="a">Manual de lucrari practice de chimie anorganica</subfield></datafield><datafield ind1=" " ind2=" " tag="260"><subfield code="a">Bucuresti, Ed.De Stat Didactica Si Pedagogica, 1961. 430 P</subfield></datafield><datafield ind1=" " ind2=" " tag="852"><subfield code="a">76804</subfield></datafield></record></collection>